@inproceedings{li2010practical,
  title={Practical and effective symbolic analysis for buffer overflow detection},
  author={Li, Lian and Cifuentes, Cristina and Keynes, Nathan},
  booktitle={Proceedings of the eighteenth ACM SIGSOFT international symposium on Foundations of software engineering},
  pages={317--326},
  year={2010},
  organization={ACM}
}

@misc{onesmashing,
  title={Smashing the stack for fun and profit. Phrack, 7 (49), November 1996},
  year={1996},
  author={One, Aleph}
}

@article{xie2003archer,
  title={Archer: using symbolic, path-sensitive analysis to detect memory access errors},
  author={Xie, Yichen and Chou, Andy and Engler, Dawson},
  journal={ACM SIGSOFT Software Engineering Notes},
  volume={28},
  number={5},
  pages={327--336},
  year={2003},
  publisher={ACM}
}

@inproceedings{wagner2000first,
  title={A First Step Towards Automated Detection of Buffer Overrun Vulnerabilities.},
  author={Wagner, David and Foster, Jeffrey S and Brewer, Eric A and Aiken, Alexander},
  booktitle={NDSS},
  pages={2000--02},
  year={2000}
}

@inproceedings{ganapathy2003buffer,
  title={Buffer overrun detection using linear programming and static analysis},
  author={Ganapathy, Vinod and Jha, Somesh and Chandler, David and Melski, David and Vitek, David},
  booktitle={Proceedings of the 10th ACM conference on Computer and communications security},
  pages={345--354},
  year={2003},
  organization={ACM}
}

@inproceedings{le2008marple,
  title={Marple: a demand-driven path-sensitive buffer overflow detector},
  author={Le, Wei and Soffa, Mary Lou},
  booktitle={Proceedings of the 16th ACM SIGSOFT International Symposium on Foundations of software engineering},
  pages={272--282},
  year={2008},
  organization={ACM}
}

@inproceedings{ruwase2004practical,
  title={A Practical Dynamic Buffer Overflow Detector.},
  author={Ruwase, Olatunji and Lam, Monica S},
  booktitle={NDSS},
  volume={2004},
  pages={159--169},
  year={2004}
}

@inproceedings{cowan1998stackguard,
  title={Stackguard: automatic adaptive detection and prevention of buffer-overflow attacks.},
  author={Cowan, Crispan and Pu, Calton and Maier, Dave and Walpole, Jonathan and Bakke, Peat and Beattie, Steve and Grier, Aaron and Wagle, Perry and Zhang, Qian and Hinton, Heather},
  booktitle={Usenix Security},
  volume={98},
  pages={63--78},
  year={1998}
}
